@BOOK{GelmanHill2006,
  AUTHOR = {Gelman, Andrew and Hill, Jennifer},
  LOCATION = {Cambridge},
  PUBLISHER = {Cambridge University Press},
  DATE = {2006},
  TITLE = {Data Analysis Using Regression and Multilevel\slash Hierarchical Models},
}

@ARTICLE{SchielzethForstmeier2009,
  AUTHOR = {Schielzeth, Holger and Forstmeier, Wolfgang},
  DATE = {2009},
  JOURNALTITLE = {Behavioral Ecology},
  NUMBER = {2},
  PAGES = {416--420},
  TITLE = {Conclusions beyond support: overconfident estimates in mixed models},
  VOLUME = {20},
}

@UNPUBLISHED{Bates2010,
  AUTHOR = {Bates, Douglas M.},
  DATE = {2010},
  NOTE = {http://lme4.r-forge.r-project.org/lMMwR/lrgprt.pdf},
  TITLE = {lme4: Mixed-effects modeling with {R}},
}

@ARTICLE{NakagawaSchielzeth2013,
  AUTHOR = {Nakagawa, Shinichi and Schielzeth, Holger},
  DATE = {2013},
  JOURNALTITLE = {Methods in Ecology and Evolution},
  NUMBER = {2},
  PAGES = {133--142},
  TITLE = {A general and simple method for obtaining {R²} from generalized linear mixed‐effects models},
  VOLUME = {4},
}

@BOOK{Fox2016,
  AUTHOR = {Fox, John},
  LOCATION = {London},
  PUBLISHER = {Sage Publications},
  DATE = {2016},
  EDITION = {3},
  TITLE = {Applied Regression Analysis \& Generalized Linear Models},
}

@BOOK{ZuurEa2009,
  AUTHOR = {Zuur, Alain F. and Ieno, Elena N. and Walker, Neil and Saveliev, Anatoly A. and Smith, Graham M.},
  LOCATION = {Berlin etc.},
  PUBLISHER = {Springer},
  DATE = {2009},
  TITLE = {Mixed Effects Models and Extensions in Ecology with {R}},
}

@ARTICLE{BatesEa2015,
  AUTHOR = {Bates, Douglas and Mächler, Martin and Bolker, Ben and Walker, Steve},
  DATE = {2015},
  JOURNALTITLE = {Journal of Statistical Software},
  NUMBER = {1},
  PAGES = {1--48},
  TITLE = {Fitting Linear Mixed-Effects Models Using {lme4}},
  VOLUME = {67},
}

@ARTICLE{HalekohHojsgaard2014,
  AUTHOR = {Halekoh, Ulrich and H{ø}jsgaard, S{ø}ren},
  DATE = {2014},
  JOURNALTITLE = {Journal of Statistical Software},
  NUMBER = {9},
  PAGES = {1--30},
  TITLE = {A {K}enward-{R}oger Approximation and Parametric Bootstrap Methods for Tests in Linear Mixed Models -- The {R} Package {pbkrtest}},
  VOLUME = {59},
}

@MANUAL{Barton2016,
  AUTHOR = {Bartoń, Kamil},
  URL = {https://CRAN.R-project.org/package=MuMIn},
  DATE = {2016},
  NOTE = {R package version 1.15.6},
  TITLE = {MuMIn: Multi-Model Inference},
}

@ARTICLE{WolkEa2013,
  AUTHOR = {Wolk, Christoph and Bresnan, Joan and Rosenbach, Anette and Szmrecsanyi, Benedikt},
  DATE = {2013},
  JOURNALTITLE = {Diachronica},
  NUMBER = {3},
  PAGES = {382--419},
  TITLE = {Dative and genitive variability in {L}ate {M}odern {E}nglish: {E}xploring cross-constructional variation and change},
  VOLUME = {30},
}

@ARTICLE{Gries2015,
  AUTHOR = {Gries, {Stefan Th.}},
  DATE = {2015},
  JOURNALTITLE = {Corpora},
  NUMBER = {1},
  PAGES = {95--126},
  TITLE = {The most underused statistical method in corpus linguistics: Multi-level (and mixed-effects) models},
  VOLUME = {10},
}

